<?xml version="1.0" encoding="UTF-8"?><collection xmlns="http://www.loc.gov/MARC21/slim"><record><leader>00491nam--2200157-i-4500</leader><controlfield tag="001">000034442</controlfield><controlfield tag="002">20161230</controlfield><controlfield tag="005">20170113190546</controlfield><controlfield tag="008">060222s1000------------r-----000-0-eng-d</controlfield><datafield ind1=" " ind2=" " tag="080"><subfield code="a">621.039.543.4:546.791</subfield></datafield><datafield ind1=" " ind2=" " tag="100"><subfield code="a">Nicolas-Jarleton, Jacques</subfield></datafield><datafield ind1=" " ind2=" " tag="245"><subfield code="a">Sur le role d`alpha uo3 pour l`obtention del`uo2 et de l`uf4 a partir du betauo3 - 0,5.h2o.these</subfield></datafield><datafield ind1=" " ind2=" " tag="260"><subfield code="a">Paris</subfield><subfield code="b">Faculte Des Sciences De L`Universite</subfield><subfield code="c">1970</subfield></datafield><datafield ind1=" " ind2=" " tag="300"><subfield code="a">81 p</subfield></datafield><datafield ind1=" " ind2=" " tag="852"><subfield code="a">669.822</subfield></datafield><datafield ind1=" " ind2=" " tag="CAT"><subfield code="a">SYS</subfield><subfield code="c">20170113</subfield><subfield code="h">190546</subfield></datafield></record></collection>